<?xml version="1.0" encoding="UTF-8"?><collection xmlns="http://www.loc.gov/MARC21/slim"><record><leader>00490nam--2200193-u-4500</leader><controlfield tag="001">000052865</controlfield><controlfield tag="002">20161230</controlfield><controlfield tag="005">20161230201050</controlfield><controlfield tag="008">101124s1000------------r-----000-0-eng-d</controlfield><datafield ind1=" " ind2=" " tag="020"><subfield code="a">0444860207</subfield></datafield><datafield ind1=" " ind2=" " tag="040"><subfield code="a">IFIN-HH</subfield></datafield><datafield ind1=" " ind2=" " tag="080"><subfield code="a">535</subfield></datafield><datafield ind1="1" ind2=" " tag="100"><subfield code="a">Haken, H</subfield></datafield><datafield ind1="1" ind2="0" tag="245"><subfield code="a">Light</subfield><subfield code="b">Volume 1. waves, photons, atoms</subfield><subfield code="c">H. haken</subfield></datafield><datafield ind1=" " ind2=" " tag="260"><subfield code="a">OXFORD</subfield><subfield code="b">North-holland Publishing Company</subfield><subfield code="c">1981</subfield></datafield><datafield ind1=" " ind2=" " tag="300"><subfield code="a">353P</subfield></datafield><datafield ind1=" " ind2="0" tag="650"><subfield code="a">Quantum optics</subfield></datafield><datafield ind1=" " ind2=" " tag="852"><subfield code="a">70464</subfield><subfield code="c">535</subfield></datafield><datafield ind1=" " ind2=" " tag="CAT"><subfield code="a">Sys</subfield><subfield code="c">20101124</subfield><subfield code="h">135238</subfield></datafield></record></collection>